<record><leader>00000cas a2200000 a 4500</leader><controlfield tag="001">8807913</controlfield><controlfield tag="008">820925d19061989iludn ne      0    0eng  </controlfield><datafield ind1=" " ind2=" " tag="010"><subfield code="a">sn 82015422 </subfield></datafield><datafield ind1=" " ind2=" " tag="040"><subfield code="a">DLC</subfield><subfield code="b">eng</subfield><subfield code="c">DLC</subfield><subfield code="d">NSD</subfield><subfield code="d">NVF</subfield><subfield code="d">OCLCO</subfield><subfield code="d">OCLCQ</subfield><subfield code="d">OCLCF</subfield></datafield><datafield ind1="1" ind2=" " tag="029"><subfield code="a">AU@</subfield><subfield code="b">000020079582</subfield></datafield><datafield ind1=" " ind2=" " tag="042"><subfield code="a">pcc</subfield></datafield><datafield ind1=" " ind2=" " tag="043"><subfield code="a">n-us-il</subfield></datafield><datafield ind1="0" ind2="0" tag="050"><subfield code="a">Newspaper 7574-X</subfield></datafield><datafield ind1="0" ind2="0" tag="245"><subfield code="a">Centralia evening sentinel.</subfield></datafield><datafield ind1="1" ind2=" " tag="246"><subfield code="i">Published on Sundays as:</subfield><subfield code="a">Sunday sentinel</subfield><subfield code="f">May 26, 1963-1989</subfield></datafield><datafield ind1=" " ind2=" " tag="260"><subfield code="a">Centralia, Ill. :</subfield><subfield code="b">Verne E. Joy,</subfield><subfield code="c">1906-1989.</subfield></datafield><datafield ind1=" " ind2=" " tag="300"><subfield code="a">v.</subfield></datafield><datafield ind1=" " ind2=" " tag="310"><subfield code="a">Daily (except Saturday),</subfield><subfield code="b">May 20, 1963-1989</subfield></datafield><datafield ind1=" " ind2=" " tag="321"><subfield code="a">Daily (except Sunday),</subfield><subfield code="b">1906-May 18, 1963</subfield></datafield><datafield ind1="0" ind2=" " tag="362"><subfield code="a">Nov. 1, 1906-v. 106, no. 20 (Apr. 3, 1989).</subfield></datafield><datafield ind1=" " ind2=" " tag="500"><subfield code="a">Issue May 26, 1963 is the Sentinel Cent. edition.</subfield></datafield><datafield ind1=" " ind2=" " tag="580"><subfield code="a">Weekly eds.: Centralia sentinel (Centralia, Ill. : Weekly), 1906-1912, and: Centralia weekly sentinel, 1912-&lt;1916&gt;</subfield></datafield><datafield ind1=" " ind2="0" tag="651"><subfield code="a">Centralia (Ill.)</subfield><subfield code="v">Newspapers.</subfield></datafield><datafield ind1=" " ind2="7" tag="655"><subfield code="a">Newspapers.</subfield><subfield code="2">fast</subfield><subfield code="0">(OCoLC)fst01423814</subfield></datafield><datafield ind1=" " ind2="7" tag="651"><subfield code="a">Illinois</subfield><subfield code="z">Centralia.</subfield><subfield code="2">fast</subfield><subfield code="0">(OCoLC)fst01217730</subfield></datafield><datafield ind1=" " ind2=" " tag="752"><subfield code="a">United States</subfield><subfield code="b">Illinois</subfield><subfield code="c">Marion</subfield><subfield code="d">Centralia.</subfield></datafield><datafield ind1="1" ind2=" " tag="775"><subfield code="t">Centralia sentinel (Centralia, Ill. : Weekly)</subfield><subfield code="w">(DLC)sn 84038372</subfield><subfield code="w">(OCoLC)11285335</subfield></datafield><datafield ind1="1" ind2=" " tag="775"><subfield code="t">Centralia weekly sentinel</subfield><subfield code="w">(DLC)sn 92053809</subfield><subfield code="w">(OCoLC)25492176</subfield></datafield><datafield ind1="0" ind2="0" tag="780"><subfield code="t">Centralia daily sentinel</subfield><subfield code="w">(DLC)sn 92053810</subfield><subfield code="w">(OCoLC)25492241</subfield></datafield><datafield ind1="0" ind2="0" tag="785"><subfield code="t">Centralia sentinel (Centralia, Ill. : 1989)</subfield><subfield code="x">1059-8162</subfield><subfield code="w">(DLC)sn 91003758</subfield><subfield code="w">(OCoLC)24774250</subfield></datafield></record>